@inproceedings{talbot97,
author = "Talbot, Nicola and Cawley, Gavin",
title = "A fast index assignment algorithm for
robust vector quantisation of image data",
booktitle = "Proceedings of the I.E.E.E. International
Conference on Image Processing",
address = "Santa Barbara, California, USA",
month = oct,
year = 1997
}